@misc{,
    title = {Encryption keys - Travis CI},
    url = {https://docs.travis-ci.com/user/encryption-keys/#usage}
}
@misc{moodle-api,
    title = {Web service API functions - MoodleDocs},
    url = {https://docs.moodle.org/dev/Web_service_API_functions},
    note   = {[Online; Accedido 09-Abril-2024]}
}
@article{Schwaber2020,
    author = {Ken Schwaber and Jeff Sutherland and La Guía Definitiva},
    title = {La Guía Scrum},
    year = {2020}
}
@misc{,
    title = {Efficient GitHub Code Scanning with SonarCloud and GitHub Actions | SonarQube | GitHub | Code Scan - YouTube},
    url = {https://www.youtube.com/watch?v=AYUaIiWZ-_w}
}
@misc{,
    title = {How to dockerize your Spring Boot API | Docker Tutorial - YouTube},
    url = {https://www.youtube.com/watch?v=3SNKdr3f9Io}
}
@misc{,
    title = {Conventional Commits},
    url = {https://www.conventionalcommits.org/en/v1.0.0/}
}
@misc{,
    title = {Gson Tutorial: Read and Write JSON with Examples},
    url = {https://howtodoinjava.com/gson/gson/}
}
@misc{,
    title = {Dockerizing a Spring Boot Application | Baeldung},
    url = {https://www.baeldung.com/dockerizing-spring-boot-application}
}
@misc{,
    title = {How to Avoid the Java FileNotFoundException When Loading Resources | Baeldung},
    url = {https://www.baeldung.com/java-classpath-resource-cannot-be-opened}
}
@misc{quality-reference-framework,
    title = {(PDF) Quality Reference Framework (QRF) for the Quality of MOOCs},
    url = {https://www.researchgate.net/publication/331327802_Quality_Reference_Framework_QRF_for_the_Quality_of_MOOCs},
    note   = {[Online; Accedido 09-Abril-2024]} 
}
@misc{tfg-robertoArasti,
    title = {RobertoArastiBlanco/eLearningQA: Degree Final Project 2021-22 University of Burgos},
    url = {https://github.com/RobertoArastiBlanco/eLearningQA},
    note = {[Online; Accedido 10-Abril-2024]}
}
@misc{ubu-virtual,
    title = {UBUVirtual - Aula Virtual de la Universidad de Burgos},
    url = {https://ubuvirtual.ubu.es/},
    note = {[Online; Accedido 12-Abril-2024]}, 
}
@misc{estadisticas-examen,
    title = {Estadísticas del reporte del examen - MoodleDocs},
    url = {https://docs.moodle.org/all/es/Estad%C3%ADsticas_del_reporte_del_examen#Indice_de_discriminaci.C3.B3n_y_Eficiencia_de_discriminaci.C3.B3n},
    note = {[Online; Accedido 12-Abril-2024]}
}
@misc{indice-discriminatorio,
    title = {Quiz statistics calculations - MoodleDocs},
    url = {https://docs.moodle.org/dev/Quiz_statistics_calculations#Discrimination_index_2},
    note = {[Online; Accedido 16-Abril-2024]}
}
@inbook{inbook,
    author = {Mavo Navarro, Juan and Mcgrath, Breeda},
    year = {2021},
    month = {09},
    pages = {},
    title = {Strategies for Effective Online Teaching and Learning: Practices and Techniques With a Proven Track of Success in Online Education},
    isbn = {EISBN13: 9781799882770},
    doi = {10.4018/978-1-7998-8275-6.ch029},
    note = {[Online; Accedido 17-Abril-2024]}
}
@book{book,
    author = {Montilva C., Jonas A. and Barrios, Judith},
    year = {2023},
    month = {02},
    pages = {},
    title = {Ingeniería del Software: Un enfoque basado en procesos - Capítulos 1 y 2},
    isbn = {978-980-11-2029-2},
    note = {[Online; Accedido 17-Abril-2024]}
}
@misc{proceso-acr,
    title = {¿Qué es el Análisis de Causa Raíz? | Kanban Tool},
    url = {https://kanbantool.com/es/guia-kanban/analisis-de-causa-raiz},
    note = {[Online; Accedido 17-Abril-2024]}
}
@misc{spring-interceptor,
    title = {Using the Spring RestTemplate Interceptor | Baeldung},
    url = {https://www.baeldung.com/spring-rest-template-interceptor},
    note = {[Online; Accedido 17-Abril-2024]}
}
@misc{inputstream,
   title = {InputStream (Java Platform SE 8 )},
   url = {https://docs.oracle.com/javase/8/docs/api/java/io/InputStream.html},
}
@misc{read-file-from-resources,
   title = {Read a File from Resources in Spring Boot},
   url = {https://howtodoinjava.com/spring-boot2/read-file-from-resources/},
}

@article{ modelos-calidad-elearning,
   abstract = {Hacia la aceptación del e-learning como enfoque formativo en las culturas institucionales de las IES PID_00274603 Tiempo mínimo de dedicación recomendado: 5 horas},
   author = {Alonso Lucía and Virginia Varela and Paragarino Rodés and Huertas Esther and Nativitat Hidalgo and Lanzo Cabrera},
   title = {Modelos de calidad del elearning},
}

@misc{estadisticas-crecimiento-elearning,
   title = {79+ Staggering Online Learning Statistics Revealed!????(2024)},
   url = {https://skillscouter.com/online-learning-statistics/},
}

@misc{costos-mantenimiento,
   title = {Budgeting for Software Maintenance - Baytech Consulting},
   url = {https://www.baytechconsulting.com/blog/projecting-costs-in-software-maintenance},
}

@misc{interceptor,
   title = {Interceptor Microservice},
   url = {https://www.sachintah.com/post/interceptor-microservice},
}

@misc{ docker,
   title = {Docker: Accelerated Container Application Development},
   url = {https://www.docker.com/},
}

@article{ evaluacion-de-educacion-virtual,
   abstract = {One of the phases of the instructional process that has undergone minor changes throughout history has been that of evaluation. In a virtual context, one of the concerns that teachers show regarding evaluation is related to the problems of its implementation and the design, organisation and eventually implementation of different e-activities. By e-activities we understand all the tasks developed by a student individually or collectively in a digital environment, and which are intended to obtain specific learning. They are, therefore, the link that unites teaching and learning in the so-called Knowledge Society. Along these lines, this article offers an overview of the phenomenon of e-activities within virtual learning environments. Accordingly, it goes through the main studies on e-activities in terms of definition, typology, selection and analysis. Results obtained show the relevance of such resources as authentic learning objects and highlight the importance of promoting specific teacher training competences on the selection, creation, modification and evaluation of e-activities. In this line, the present study proposes different criteria to be considered for the effective inclusion of such competences in teachers’ training programmes on digital teaching competence.},
   author = {Julio Cabero-Almenara and Antonio Palacios-Rodríguez},
   doi = {10.5944/RIED.24.2.28994},
   issn = {13903306},
   issue = {2},
   journal = {RIED-Revista Iberoamericana de Educacion a Distancia},
   keywords = {Digital teaching competence,E-activities,Evaluation,Teacher training,Virtual education},
   month = {2},
   pages = {169-188},
   publisher = {Ibero-American Association for Distance Higher Education (AIESAD)},
   title = {The evaluation of virtual education: E-activities},
   volume = {24},
   year = {2021},
}

@misc{web-scraping,
   title = {Web scraping: ¿qué es y para qué se utiliza esta técnica? - IONOS España},
   url = {https://www.ionos.es/digitalguide/paginas-web/desarrollo-web/que-es-el-web-scraping/},
}

@misc{gateway,
   title = {Gestión de API - Wikipedia, la enciclopedia libre},
   url = {https://es.wikipedia.org/wiki/Gesti%C3%B3n_de_API},
}

@misc{mvc,
   title = {El patrón modelo-vista-controlador: Arquitectura y frameworks explicados},
   url = {https://www.freecodecamp.org/espanol/news/el-modelo-de-arquitectura-view-controller-pattern/},
}

@misc{ddd,
   title = {Qué es Domain Driven Design (DDD), ventajas y proceso básico},
   url = {https://blog.hubspot.es/website/que-es-ddd},
}

@misc{spring-framework,
   title = {Spring Framework},
   url = {https://spring.io/projects/spring-framework},
}

@misc{spring-boot,
   title = {Spring Boot},
   url = {https://spring.io/projects/spring-boot},
}

@misc{contenerización,
   title = {En qué consiste la contenerización | IBM},
   url = {https://www.ibm.com/es-es/topics/containerization},
}

@misc{vue,
   title = {Vue.js - The Progressive JavaScript Framework | Vue.js},
   url = {https://vuejs.org/},
}

@misc{react,
   title = {React},
   url = {https://es.react.dev/},
}

@misc{angular,
   title = {Angular},
   url = {https://angular.io/},
}

@misc{jsp,
   title = {Qué es JSP},
   url = {https://desarrolloweb.com/articulos/831.php},
}

@misc{modelo-desarrollo,
   title = {Diferentes modelos de desarrollo de software: Una guía completa},
   url = {https://www.door3.com/es/blog/different-software-development-models},
}





















