@misc{scrum,
   title = {What is scrum and how to get started},
   url = {https://www.atlassian.com/agile/scrum},
   note = {[Online; Accedido 03-Junio-2024]}
}

@misc{sonar-github,
   title = {GitHub y SonarCloud},
   url = {https://docs.sonarsource.com/sonarcloud/getting-started/github/},
   note = {[Online; Accedido 03-Junio-2024]}
}

@misc{java-maven-ci,
   title = {Building and testing Java with Maven - GitHub Docs},
   url = {https://docs.github.com/en/actions/automating-builds-and-tests/building-and-testing-java-with-maven},
   note = {[Online; Accedido 03-Junio-2024]}
}

@misc{zube,
   title = {Zube Documentation},
   url = {https://zube.io/docs},
   note = {[Online; Accedido 03-Junio-2024]}
}

@misc{tfg-robertoArasti,
    title = {RobertoArastiBlanco/eLearningQA: Degree Final Project 2021-22 University of Burgos},
    url = {https://github.com/RobertoArastiBlanco/eLearningQA},
    note = {[Online; Accedido 10-Abril-2024]}
}

@misc{smi,
   title = {BOE-A-2024-2251 Real Decreto 145/2024, de 6 de febrero, por el que se fija el salario mínimo interprofesional para 2024.},
   url = {https://www.boe.es/buscar/doc.php?id=BOE-A-2024-2251},
}

@misc{tabla-impuestos,
   title = {¿Qué impuestos paga un trabajador según su situación laboral? – ING – En Naranja},
   url = {https://www.ing.es/ennaranja/finanzas-personales/que-impuestos-deberas-pagar-trabajador/},
   note = {[Online; Accedido 07-junio-2024]}
}

@misc{consumo-portatil,
   title = {Cuánto luz consume un ordenador portátil},
   url = {https://www.totalenergies-ofertas.es/blog/luz/cuanto-consume-un-ordenador-portatil},
   note = {[Online; Accedido 07-junio-2024]}
}

@misc{evolución-precios-OCU,
   title = {Evolución del precio de la luz | OCU},
   url = {https://www.ocu.org/vivienda-y-energia/gas-luz/informe/precio-luz},
   note = {[Online; Accedido 07-junio-2024]}
}

@misc{derechos-autoria,
   title = {Protección y aspectos legales del software - MCT Abogados},
   url = {https://mctabogados.com/aspectos-legales-del-software/},
   note = {[Online; Accedido 07-junio-2024]}
}

@misc{mvc,
   title = {El patrón modelo-vista-controlador: Arquitectura y frameworks explicados},
   url = {https://www.freecodecamp.org/espanol/news/el-modelo-de-arquitectura-view-controller-pattern/},
   note = {[Online; Accedido 08-junio-2024]}
}

@misc{estructura-mvc,
   title = {Spring MVC Project Structure},
   url = {https://www.javaguides.net/2019/01/spring-mvc-project-structure.html},
   note = {[Online; Accedido 08-junio-2024]}
}

@misc{java8,
   title = {Java Downloads | Oracle},
   url = {https://www.oracle.com/java/technologies/downloads/#java8},
   note = {[Online; Accedido 08-junio-2024]}
}

@misc{maven,
   title = {Maven – Download Apache Maven},
   url = {https://maven.apache.org/download.cgi},
   note = {[Online; Accedido 08-junio-2024]}
}

@misc{repositorio,
   title = {bae1001/eLearningQA: Degree Final Project 2023-24 University of Burgos},
   url = {https://github.com/bae1001/eLearningQA},
   note = {[Online; Accedido 08-junio-2024]}
}

@misc{ docker,
   title = {Docker: Accelerated Container Application Development},
   url = {https://www.docker.com/},
   note = {[Online; Accedido 30-Mayo-2024]}
}